

@article{schmidt2014clinical,
  title={Clinical use of iterative 4D-cone beam computed tomography reconstructions to investigate respiratory tumor motion in lung cancer patients},
  author={Schmidt, Mai L and Poulsen, Per R and Toftegaard, Jakob and Hoffmann, Lone and Hansen, David and S{\o}rensen, Thomas S},
  journal={Acta Oncologica},
  volume={53},
  number={8},
  pages={1107--1113},
  year={2014},
  publisher={Taylor \& Francis}
}

@article{elastix,
  title={Elastix: a toolbox for intensity-based medical image registration},
  author={Klein, Stefan and Staring, Marius and Murphy, Keelin and Viergever, Max A and Pluim, Josien PW},
  journal={IEEE transactions on medical imaging},
  volume={29},
  number={1},
  pages={196--205},
  year={2010},
  publisher={IEEE}
}

@article{metz2011nonrigid,
  title={Nonrigid registration of dynamic medical imaging data using {nD}+ t {B}-splines and a groupwise optimization approach},
  author={Metz, CT and Klein, Stefan and Schaap, Michiel and van Walsum, Theo and Niessen, Wiro J},
  journal={Medical image analysis},
  volume={15},
  number={2},
  pages={238--249},
  year={2011},
  publisher={Elsevier}
}

@article{klein2009adaptive,
  title={Adaptive stochastic gradient descent optimisation for image registration},
  author={Klein, Stefan and Pluim, Josien PW and Staring, Marius and Viergever, Max A},
  journal={International journal of computer vision},
  volume={81},
  number={3},
  pages={227},
  year={2009},
  publisher={Springer}
}

@article{thengumpallil2016difference,
  title={Difference in performance between 3D and 4D CBCT for lung imaging: a dose and image quality analysis},
  author={Thengumpallil, Sheeba and Smith, Kathleen and Monnin, Pascal and Bourhis, Jean and Bochud, Fran{\c{c}}ois and Moeckli, Rapha{\"e}l},
  journal={Journal of applied clinical medical physics},
  volume={17},
  number={6},
  pages={97--106},
  year={2016},
  publisher={Wiley Online Library}
}

@article{shieh2014image,
  title={Image quality in thoracic {4D} cone-beam {CT}: A sensitivity analysis of respiratory signal, binning method, reconstruction algorithm, and projection angular spacing},
  author={Shieh, Chun-Chien and Kipritidis, John and Oâ€™Brien, Ricky T and Kuncic, Zdenka and Keall, Paul J},
  journal={Medical physics},
  volume={41},
  number={4},
  year={2014},
  publisher={Wiley Online Library}
}