
%SART-TV
@article{jia2011gpu,
  title={GPU-based fast low-dose cone beam CT reconstruction via total variation},
  author={Jia, Xun and Lou, Yifei and Lewis, John and Li, Ruijiang and Gu, Xuejun and Men, Chunhua and Song, William Y and Jiang, Steve B},
  journal={Journal of X-ray science and technology},
  volume={19},
  number={2},
  pages={139--154},
  year={2011},
  publisher={IOS Press}
}

@article{RUDIN,
title = "Nonlinear total variation based noise removal algorithms",
journal = "Physica D: Nonlinear Phenomena",
volume = "60",
number = "1",
pages = "259 - 268",
year = "1992",
note = "",
issn = "0167-2789",
doi = "http://dx.doi.org/10.1016/0167-2789(92)90242-F",
url = "http://www.sciencedirect.com/science/article/pii/016727899290242F",
author = "Leonid I. Rudin and Stanley Osher and Emad Fatemi",

}

@article{duran2013chambolle,
  title={Chambolle's projection algorithm for total variation denoising},
  author={Duran, Joan and Coll, Bartomeu and Sbert, Catalina},
  journal={Image processing on Line},
  volume={2013},
  pages={311--331},
  year={2013}
}

@article{vogel1996iterative,
  title={Iterative methods for total variation denoising},
  author={Vogel, Curtis R and Oman, Mary E},
  journal={SIAM Journal on Scientific Computing},
  volume={17},
  number={1},
  pages={227--238},
  year={1996},
  publisher={SIAM}
}
@article{combettes2005signal,
  title={Signal recovery by proximal forward-backward splitting},
  author={Combettes, Patrick L and Wajs, Val{\'e}rie R},
  journal={Multiscale Modeling \& Simulation},
  volume={4},
  number={4},
  pages={1168--1200},
  year={2005},
  publisher={SIAM}
}
@article{zhu2008efficient,
  title={An efficient primal-dual hybrid gradient algorithm for total variation image restoration},
  author={Zhu, Mingqiang and Chan, Tony}
}
@article{chambolle2004algorithm,
  title={An algorithm for total variation minimization and applications},
  author={Chambolle, Antonin},
  journal={Journal of Mathematical imaging and vision},
  volume={20},
  number={1},
  pages={89--97},
  year={2004},
  publisher={Springer}
}

@article{knoll2010fast,
  title={Fast reduction of undersampling artifacts in radial {MR} angiography with {3D} total variation on graphics hardware},
  author={Knoll, Florian and Unger, Markus and Diwoky, Clemens and Clason, Christian and Pock, Thomas and Stollberger, Rudolf},
  journal={Magnetic resonance materials in physics, biology and medicine},
  volume={23},
  number={2},
  pages={103--114},
  year={2010},
  publisher={Springer}
}

@article{zhu2010duality,
  title={Duality-based algorithms for total-variation-regularized image restoration},
  author={Zhu, Mingqiang and Wright, Stephen J and Chan, Tony F},
  journal={Computational Optimization and Applications},
  volume={47},
  number={3},
  pages={377--400},
  year={2010},
  publisher={Springer}
}

@article{strohmer2009randomized,
  title={A randomized Kaczmarz algorithm with exponential convergence},
  author={Strohmer, Thomas and Vershynin, Roman},
  journal={Journal of Fourier Analysis and Applications},
  volume={15},
  number={2},
  pages={262--278},
  year={2009},
  publisher={Springer}
}
@article{liu2016accelerated,
  title={An accelerated randomized Kaczmarz algorithm},
  author={Liu, Ji and Wright, Stephen},
  journal={Mathematics of Computation},
  volume={85},
  number={297},
  pages={153--178},
  year={2016}
}
@ARTICLE{241889, 
author={G. T. Herman and L. B. Meyer}, 
journal={IEEE Transactions on Medical Imaging}, 
title={Algebraic reconstruction techniques can be made computationally efficient [positron emission tomography application]}, 
year={1993}, 
volume={12}, 
number={3}, 
pages={600-609}, 
keywords={computerised tomography;image reconstruction;medical image processing;radioisotope scanning and imaging;algebraic reconstruction technique;computational efficiency;expectation-maximization approach;iterative procedures;medical diagnostic imaging;nuclear medicine;positron emission tomography;relaxation parameters;Biomedical imaging;Computational efficiency;Humans;Image reconstruction;Isotopes;Iterative methods;Pharmaceuticals;Positron emission tomography;Radioactive decay;Subspace constraints}, 
doi={10.1109/42.241889}, 
ISSN={0278-0062}, 
month={Sep},}


@book{SIRT,

   title = "Principles of computerized tomographic imaging",

   author = "Kak, Avinash C. and Slaney, Malcolm and IEEE Engineering in Medicine and Biology Society",

   publisher = "IEEE Press",

   address = "New York",

   url = "http://opac.inria.fr/record=b1086573",

   isbn = "0-87942-198-3",

   note = "Published under the sponsorship of the IEEE Engineering in Medicine and Biology Society.",

   year = 1988

}

@article{OS_SART,

author = {Y. Censor and T. Elfving},

title = {Block-Iterative Algorithms with Diagonally Scaled Oblique Projections for the Linear Feasibility Problem},

journal = {SIAM Journal on Matrix Analysis and Applications},

volume = {24},

number = {1},

pages = {40-58},

year = {2002},

doi = {10.1137/S089547980138705X},

URL = { http://dx.doi.org/10.1137/S089547980138705X},

eprint = {  http://dx.doi.org/10.1137/S089547980138705X}

}